<?xml version="1.0" encoding="UTF-8"?><collection xmlns="http://www.loc.gov/MARC21/slim"><record><leader>00297nam--2200121-i-4500</leader><controlfield tag="001">000003693</controlfield><controlfield tag="002">20161230</controlfield><controlfield tag="005">20161230201025</controlfield><controlfield tag="008">060222s1000------------r-----000-0-eng-d</controlfield><datafield ind1=" " ind2=" " tag="245"><subfield code="a">Crystal rectifiers</subfield></datafield><datafield ind1=" " ind2=" " tag="260"><subfield code="a">New York, Mcgraw-hill, 1948</subfield></datafield><datafield ind1=" " ind2=" " tag="490"><subfield code="a">Mit Radiation Lab.Series</subfield></datafield><datafield ind1=" " ind2=" " tag="700"><subfield code="a">Torrey, H.C</subfield></datafield></record></collection>